2018 Dec 22 02:21:45.976,1,2Y,SELL,1000000,100.125000,RECEIVED
2018 Dec 22 02:21:45.984,1,2Y,SELL,1000000,100.000000,QUOTED
2018 Dec 22 02:21:45.989,1,2Y,SELL,1000000,100.000000,DONE
2018 Dec 22 02:21:45.993,2,2Y,SELL,1000000,100.125000,RECEIVED
2018 Dec 22 02:21:45.997,2,2Y,SELL,1000000,100.000000,QUOTED
2018 Dec 22 02:21:46.002,2,2Y,SELL,1000000,100.000000,DONE
2018 Dec 22 02:21:46.006,3,2Y,SELL,2000000,99.062500,RECEIVED
2018 Dec 22 02:21:46.011,3,2Y,SELL,2000000,100.000000,QUOTED
2018 Dec 22 02:21:46.016,3,2Y,SELL,2000000,100.000000,DONE
2018 Dec 22 02:21:46.020,4,2Y,SELL,2000000,99.062500,RECEIVED
2018 Dec 22 02:21:46.024,4,2Y,SELL,2000000,100.000000,QUOTED
2018 Dec 22 02:21:46.027,4,2Y,SELL,2000000,100.000000,DONE
2018 Dec 22 02:21:46.032,5,2Y,SELL,3000000,99.468750,RECEIVED
2018 Dec 22 02:21:46.036,5,2Y,SELL,3000000,100.000000,QUOTED
2018 Dec 22 02:21:46.039,5,2Y,SELL,3000000,100.000000,DONE
2018 Dec 22 02:21:46.044,6,2Y,SELL,3000000,99.468750,RECEIVED
2018 Dec 22 02:21:46.049,6,2Y,SELL,3000000,100.000000,QUOTED
2018 Dec 22 02:21:46.053,6,2Y,SELL,3000000,100.000000,DONE
2018 Dec 22 02:21:46.057,7,2Y,SELL,4000000,99.316406,RECEIVED
2018 Dec 22 02:21:46.060,7,2Y,SELL,4000000,100.000000,QUOTED
2018 Dec 22 02:21:46.064,7,2Y,SELL,4000000,100.000000,DONE
2018 Dec 22 02:21:46.069,8,2Y,SELL,4000000,99.316406,RECEIVED
2018 Dec 22 02:21:46.072,8,2Y,SELL,4000000,100.000000,QUOTED
2018 Dec 22 02:21:46.075,8,2Y,SELL,4000000,100.000000,DONE
2018 Dec 22 02:21:46.078,9,2Y,SELL,5000000,100.871094,RECEIVED
2018 Dec 22 02:21:46.083,9,2Y,SELL,5000000,100.000000,QUOTED
2018 Dec 22 02:21:46.086,9,2Y,SELL,5000000,100.000000,DONE
2018 Dec 22 02:21:46.090,10,2Y,SELL,5000000,100.871094,RECEIVED
2018 Dec 22 02:21:46.093,10,2Y,SELL,5000000,100.000000,QUOTED
2018 Dec 22 02:21:46.097,10,2Y,SELL,5000000,100.000000,DONE
2018 Dec 22 02:21:46.102,11,3Y,SELL,1000000,100.625000,RECEIVED
2018 Dec 22 02:21:46.105,11,3Y,SELL,1000000,100.000000,QUOTED
2018 Dec 22 02:21:46.108,11,3Y,SELL,1000000,100.000000,DONE
2018 Dec 22 02:21:46.112,12,3Y,SELL,1000000,100.625000,RECEIVED
2018 Dec 22 02:21:46.117,12,3Y,SELL,1000000,100.000000,QUOTED
2018 Dec 22 02:21:46.120,12,3Y,SELL,1000000,100.000000,DONE
2018 Dec 22 02:21:46.124,13,3Y,SELL,2000000,100.917969,RECEIVED
2018 Dec 22 02:21:46.127,13,3Y,SELL,2000000,100.000000,QUOTED
2018 Dec 22 02:21:46.132,13,3Y,SELL,2000000,100.000000,DONE
2018 Dec 22 02:21:46.137,14,3Y,SELL,2000000,100.917969,RECEIVED
2018 Dec 22 02:21:46.142,14,3Y,SELL,2000000,100.000000,QUOTED
2018 Dec 22 02:21:46.145,14,3Y,SELL,2000000,100.000000,DONE
2018 Dec 22 02:21:46.151,15,3Y,SELL,3000000,99.964844,RECEIVED
2018 Dec 22 02:21:46.155,15,3Y,SELL,3000000,100.000000,QUOTED
2018 Dec 22 02:21:46.160,15,3Y,SELL,3000000,100.000000,DONE
2018 Dec 22 02:21:46.164,16,3Y,SELL,3000000,99.964844,RECEIVED
2018 Dec 22 02:21:46.169,16,3Y,SELL,3000000,100.000000,QUOTED
2018 Dec 22 02:21:46.172,16,3Y,SELL,3000000,100.000000,DONE
2018 Dec 22 02:21:46.176,17,3Y,SELL,4000000,99.988281,RECEIVED
2018 Dec 22 02:21:46.180,17,3Y,SELL,4000000,100.000000,QUOTED
2018 Dec 22 02:21:46.185,17,3Y,SELL,4000000,100.000000,DONE
2018 Dec 22 02:21:46.189,18,3Y,SELL,4000000,99.988281,RECEIVED
2018 Dec 22 02:21:46.193,18,3Y,SELL,4000000,100.000000,QUOTED
2018 Dec 22 02:21:46.196,18,3Y,SELL,4000000,100.000000,DONE
2018 Dec 22 02:21:46.201,19,3Y,SELL,5000000,99.238281,RECEIVED
2018 Dec 22 02:21:46.205,19,3Y,SELL,5000000,100.000000,QUOTED
2018 Dec 22 02:21:46.209,19,3Y,SELL,5000000,100.000000,DONE
2018 Dec 22 02:21:46.213,20,3Y,SELL,5000000,99.238281,RECEIVED
2018 Dec 22 02:21:46.218,20,3Y,SELL,5000000,100.000000,QUOTED
2018 Dec 22 02:21:46.222,20,3Y,SELL,5000000,100.000000,DONE
2018 Dec 22 02:21:46.225,21,5Y,SELL,1000000,100.957031,RECEIVED
2018 Dec 22 02:21:46.229,21,5Y,SELL,1000000,100.000000,QUOTED
2018 Dec 22 02:21:46.233,21,5Y,SELL,1000000,100.000000,DONE
2018 Dec 22 02:21:46.237,22,5Y,SELL,1000000,100.957031,RECEIVED
2018 Dec 22 02:21:46.241,22,5Y,SELL,1000000,100.000000,QUOTED
2018 Dec 22 02:21:46.245,22,5Y,SELL,1000000,100.000000,DONE
2018 Dec 22 02:21:46.250,23,5Y,SELL,2000000,99.421875,RECEIVED
2018 Dec 22 02:21:46.254,23,5Y,SELL,2000000,100.000000,QUOTED
2018 Dec 22 02:21:46.259,23,5Y,SELL,2000000,100.000000,DONE
2018 Dec 22 02:21:46.263,24,5Y,SELL,2000000,99.421875,RECEIVED
2018 Dec 22 02:21:46.268,24,5Y,SELL,2000000,100.000000,QUOTED
2018 Dec 22 02:21:46.272,24,5Y,SELL,2000000,100.000000,DONE
2018 Dec 22 02:21:46.277,25,5Y,SELL,3000000,100.878906,RECEIVED
2018 Dec 22 02:21:46.281,25,5Y,SELL,3000000,100.000000,QUOTED
2018 Dec 22 02:21:46.286,25,5Y,SELL,3000000,100.000000,DONE
2018 Dec 22 02:21:46.290,26,5Y,SELL,3000000,100.878906,RECEIVED
2018 Dec 22 02:21:46.294,26,5Y,SELL,3000000,100.000000,QUOTED
2018 Dec 22 02:21:46.299,26,5Y,SELL,3000000,100.000000,DONE
2018 Dec 22 02:21:46.302,27,5Y,SELL,4000000,100.011719,RECEIVED
2018 Dec 22 02:21:46.306,27,5Y,SELL,4000000,100.000000,QUOTED
2018 Dec 22 02:21:46.310,27,5Y,SELL,4000000,100.000000,DONE
2018 Dec 22 02:21:46.314,28,5Y,SELL,4000000,100.011719,RECEIVED
2018 Dec 22 02:21:46.317,28,5Y,SELL,4000000,100.000000,QUOTED
2018 Dec 22 02:21:46.321,28,5Y,SELL,4000000,100.000000,DONE
2018 Dec 22 02:21:46.324,29,5Y,SELL,5000000,99.933594,RECEIVED
2018 Dec 22 02:21:46.328,29,5Y,SELL,5000000,100.000000,QUOTED
2018 Dec 22 02:21:46.331,29,5Y,SELL,5000000,100.000000,DONE
2018 Dec 22 02:21:46.335,30,5Y,SELL,5000000,99.933594,RECEIVED
2018 Dec 22 02:21:46.339,30,5Y,SELL,5000000,100.000000,QUOTED
2018 Dec 22 02:21:46.342,30,5Y,SELL,5000000,100.000000,DONE
2018 Dec 22 02:21:46.347,31,7Y,SELL,1000000,99.191406,RECEIVED
2018 Dec 22 02:21:46.350,31,7Y,SELL,1000000,100.000000,QUOTED
2018 Dec 22 02:21:46.354,31,7Y,SELL,1000000,100.000000,DONE
2018 Dec 22 02:21:46.359,32,7Y,SELL,1000000,99.191406,RECEIVED
2018 Dec 22 02:21:46.363,32,7Y,SELL,1000000,100.000000,QUOTED
2018 Dec 22 02:21:46.367,32,7Y,SELL,1000000,100.000000,DONE
2018 Dec 22 02:21:46.371,33,7Y,SELL,2000000,100.652344,RECEIVED
2018 Dec 22 02:21:46.374,33,7Y,SELL,2000000,100.000000,QUOTED
2018 Dec 22 02:21:46.378,33,7Y,SELL,2000000,100.000000,DONE
2018 Dec 22 02:21:46.382,34,7Y,SELL,2000000,100.652344,RECEIVED
2018 Dec 22 02:21:46.386,34,7Y,SELL,2000000,100.000000,QUOTED
2018 Dec 22 02:21:46.389,34,7Y,SELL,2000000,100.000000,DONE
2018 Dec 22 02:21:46.393,35,7Y,SELL,3000000,99.730469,RECEIVED
2018 Dec 22 02:21:46.397,35,7Y,SELL,3000000,100.000000,QUOTED
2018 Dec 22 02:21:46.401,35,7Y,SELL,3000000,100.000000,DONE
2018 Dec 22 02:21:46.405,36,7Y,SELL,3000000,99.730469,RECEIVED
2018 Dec 22 02:21:46.409,36,7Y,SELL,3000000,100.000000,QUOTED
2018 Dec 22 02:21:46.412,36,7Y,SELL,3000000,100.000000,DONE
2018 Dec 22 02:21:46.416,37,7Y,SELL,4000000,100.886719,RECEIVED
2018 Dec 22 02:21:46.420,37,7Y,SELL,4000000,100.000000,QUOTED
2018 Dec 22 02:21:46.423,37,7Y,SELL,4000000,100.000000,DONE
2018 Dec 22 02:21:46.427,38,7Y,SELL,4000000,100.886719,RECEIVED
2018 Dec 22 02:21:46.431,38,7Y,SELL,4000000,100.000000,QUOTED
2018 Dec 22 02:21:46.434,38,7Y,SELL,4000000,100.000000,DONE
2018 Dec 22 02:21:46.438,39,7Y,SELL,5000000,100.312500,RECEIVED
2018 Dec 22 02:21:46.442,39,7Y,SELL,5000000,100.000000,QUOTED
2018 Dec 22 02:21:46.446,39,7Y,SELL,5000000,100.000000,DONE
2018 Dec 22 02:21:46.451,40,7Y,SELL,5000000,100.312500,RECEIVED
2018 Dec 22 02:21:46.456,40,7Y,SELL,5000000,100.000000,QUOTED
2018 Dec 22 02:21:46.460,40,7Y,SELL,5000000,100.000000,DONE
2018 Dec 22 02:21:46.465,41,10Y,SELL,1000000,99.875000,RECEIVED
2018 Dec 22 02:21:46.470,41,10Y,SELL,1000000,100.000000,QUOTED
2018 Dec 22 02:21:46.475,41,10Y,SELL,1000000,100.000000,DONE
2018 Dec 22 02:21:46.479,42,10Y,SELL,1000000,99.875000,RECEIVED
2018 Dec 22 02:21:46.483,42,10Y,SELL,1000000,100.000000,QUOTED
2018 Dec 22 02:21:46.488,42,10Y,SELL,1000000,100.000000,DONE
2018 Dec 22 02:21:46.492,43,10Y,SELL,2000000,99.023438,RECEIVED
2018 Dec 22 02:21:46.496,43,10Y,SELL,2000000,100.000000,QUOTED
2018 Dec 22 02:21:46.500,43,10Y,SELL,2000000,100.000000,DONE
2018 Dec 22 02:21:46.505,44,10Y,SELL,2000000,99.023438,RECEIVED
2018 Dec 22 02:21:46.508,44,10Y,SELL,2000000,100.000000,QUOTED
2018 Dec 22 02:21:46.512,44,10Y,SELL,2000000,100.000000,DONE
2018 Dec 22 02:21:46.517,45,10Y,SELL,3000000,99.460938,RECEIVED
2018 Dec 22 02:21:46.521,45,10Y,SELL,3000000,100.000000,QUOTED
2018 Dec 22 02:21:46.525,45,10Y,SELL,3000000,100.000000,DONE
2018 Dec 22 02:21:46.529,46,10Y,SELL,3000000,99.460938,RECEIVED
2018 Dec 22 02:21:46.533,46,10Y,SELL,3000000,100.000000,QUOTED
2018 Dec 22 02:21:46.537,46,10Y,SELL,3000000,100.000000,DONE
2018 Dec 22 02:21:46.541,47,10Y,SELL,4000000,99.738281,RECEIVED
2018 Dec 22 02:21:46.545,47,10Y,SELL,4000000,100.000000,QUOTED
2018 Dec 22 02:21:46.549,47,10Y,SELL,4000000,100.000000,DONE
2018 Dec 22 02:21:46.554,48,10Y,SELL,4000000,99.738281,RECEIVED
2018 Dec 22 02:21:46.558,48,10Y,SELL,4000000,100.000000,QUOTED
2018 Dec 22 02:21:46.561,48,10Y,SELL,4000000,100.000000,DONE
2018 Dec 22 02:21:46.566,49,10Y,SELL,5000000,99.312500,RECEIVED
2018 Dec 22 02:21:46.570,49,10Y,SELL,5000000,100.000000,QUOTED
2018 Dec 22 02:21:46.573,49,10Y,SELL,5000000,100.000000,DONE
2018 Dec 22 02:21:46.577,50,10Y,SELL,5000000,99.312500,RECEIVED
2018 Dec 22 02:21:46.581,50,10Y,SELL,5000000,100.000000,QUOTED
2018 Dec 22 02:21:46.585,50,10Y,SELL,5000000,100.000000,DONE
2018 Dec 22 02:21:46.589,51,30Y,SELL,1000000,99.964844,RECEIVED
2018 Dec 22 02:21:46.593,51,30Y,SELL,1000000,100.000000,QUOTED
2018 Dec 22 02:21:46.598,51,30Y,SELL,1000000,100.000000,DONE
2018 Dec 22 02:21:46.602,52,30Y,SELL,1000000,99.964844,RECEIVED
2018 Dec 22 02:21:46.606,52,30Y,SELL,1000000,100.000000,QUOTED
2018 Dec 22 02:21:46.610,52,30Y,SELL,1000000,100.000000,DONE
2018 Dec 22 02:21:46.614,53,30Y,SELL,2000000,100.910156,RECEIVED
2018 Dec 22 02:21:46.618,53,30Y,SELL,2000000,100.000000,QUOTED
2018 Dec 22 02:21:46.622,53,30Y,SELL,2000000,100.000000,DONE
2018 Dec 22 02:21:46.626,54,30Y,SELL,2000000,100.910156,RECEIVED
2018 Dec 22 02:21:46.630,54,30Y,SELL,2000000,100.000000,QUOTED
2018 Dec 22 02:21:46.634,54,30Y,SELL,2000000,100.000000,DONE
2018 Dec 22 02:21:46.638,55,30Y,SELL,3000000,100.656250,RECEIVED
2018 Dec 22 02:21:46.642,55,30Y,SELL,3000000,100.000000,QUOTED
2018 Dec 22 02:21:46.646,55,30Y,SELL,3000000,100.000000,DONE
2018 Dec 22 02:21:46.650,56,30Y,SELL,3000000,100.656250,RECEIVED
2018 Dec 22 02:21:46.654,56,30Y,SELL,3000000,100.000000,QUOTED
2018 Dec 22 02:21:46.658,56,30Y,SELL,3000000,100.000000,DONE
2018 Dec 22 02:21:46.662,57,30Y,SELL,4000000,99.054688,RECEIVED
2018 Dec 22 02:21:46.666,57,30Y,SELL,4000000,100.000000,QUOTED
2018 Dec 22 02:21:46.670,57,30Y,SELL,4000000,100.000000,DONE
2018 Dec 22 02:21:46.674,58,30Y,SELL,4000000,99.054688,RECEIVED
2018 Dec 22 02:21:46.677,58,30Y,SELL,4000000,100.000000,QUOTED
2018 Dec 22 02:21:46.681,58,30Y,SELL,4000000,100.000000,DONE
2018 Dec 22 02:21:46.685,59,30Y,SELL,5000000,99.382813,RECEIVED
2018 Dec 22 02:21:46.689,59,30Y,SELL,5000000,100.000000,QUOTED
2018 Dec 22 02:21:46.693,59,30Y,SELL,5000000,100.000000,DONE
2018 Dec 22 02:21:46.697,60,30Y,SELL,5000000,99.382813,RECEIVED
2018 Dec 22 02:21:46.701,60,30Y,SELL,5000000,100.000000,QUOTED
2018 Dec 22 02:21:46.705,60,30Y,SELL,5000000,100.000000,DONE
2018 Dec 22 02:22:47.157,1,2Y,SELL,1000000,99.832031,RECEIVED
2018 Dec 22 02:22:47.161,1,2Y,SELL,1000000,100.000000,QUOTED
2018 Dec 22 02:22:47.165,1,2Y,SELL,1000000,100.000000,DONE
2018 Dec 22 02:22:47.169,2,2Y,SELL,1000000,99.832031,RECEIVED
2018 Dec 22 02:22:47.174,2,2Y,SELL,1000000,100.000000,QUOTED
2018 Dec 22 02:22:47.178,2,2Y,SELL,1000000,100.000000,DONE
2018 Dec 22 02:22:47.182,3,2Y,SELL,2000000,100.343750,RECEIVED
2018 Dec 22 02:22:47.185,3,2Y,SELL,2000000,100.000000,QUOTED
2018 Dec 22 02:22:47.190,3,2Y,SELL,2000000,100.000000,DONE
2018 Dec 22 02:22:47.194,4,2Y,SELL,2000000,100.343750,RECEIVED
2018 Dec 22 02:22:47.198,4,2Y,SELL,2000000,100.000000,QUOTED
2018 Dec 22 02:22:47.204,4,2Y,SELL,2000000,100.000000,DONE
2018 Dec 22 02:22:47.210,5,2Y,SELL,3000000,99.496094,RECEIVED
2018 Dec 22 02:22:47.215,5,2Y,SELL,3000000,100.000000,QUOTED
2018 Dec 22 02:22:47.220,5,2Y,SELL,3000000,100.000000,DONE
2018 Dec 22 02:22:47.226,6,2Y,SELL,3000000,99.496094,RECEIVED
2018 Dec 22 02:22:47.231,6,2Y,SELL,3000000,100.000000,QUOTED
2018 Dec 22 02:22:47.235,6,2Y,SELL,3000000,100.000000,DONE
2018 Dec 22 02:22:47.240,7,2Y,SELL,4000000,99.378906,RECEIVED
2018 Dec 22 02:22:47.245,7,2Y,SELL,4000000,100.000000,QUOTED
2018 Dec 22 02:22:47.249,7,2Y,SELL,4000000,100.000000,DONE
2018 Dec 22 02:22:47.254,8,2Y,SELL,4000000,99.378906,RECEIVED
2018 Dec 22 02:22:47.259,8,2Y,SELL,4000000,100.000000,QUOTED
2018 Dec 22 02:22:47.264,8,2Y,SELL,4000000,100.000000,DONE
2018 Dec 22 02:22:47.269,9,2Y,SELL,5000000,100.484375,RECEIVED
2018 Dec 22 02:22:47.273,9,2Y,SELL,5000000,100.000000,QUOTED
2018 Dec 22 02:22:47.278,9,2Y,SELL,5000000,100.000000,DONE
2018 Dec 22 02:22:47.283,10,2Y,SELL,5000000,100.484375,RECEIVED
2018 Dec 22 02:22:47.288,10,2Y,SELL,5000000,100.000000,QUOTED
2018 Dec 22 02:22:47.292,10,2Y,SELL,5000000,100.000000,DONE
2018 Dec 22 02:22:47.297,11,3Y,SELL,1000000,100.097656,RECEIVED
2018 Dec 22 02:22:47.302,11,3Y,SELL,1000000,100.000000,QUOTED
2018 Dec 22 02:22:47.306,11,3Y,SELL,1000000,100.000000,DONE
2018 Dec 22 02:22:47.311,12,3Y,SELL,1000000,100.097656,RECEIVED
2018 Dec 22 02:22:47.316,12,3Y,SELL,1000000,100.000000,QUOTED
2018 Dec 22 02:22:47.321,12,3Y,SELL,1000000,100.000000,DONE
2018 Dec 22 02:22:47.326,13,3Y,SELL,2000000,99.761719,RECEIVED
2018 Dec 22 02:22:47.330,13,3Y,SELL,2000000,100.000000,QUOTED
2018 Dec 22 02:22:47.335,13,3Y,SELL,2000000,100.000000,DONE
2018 Dec 22 02:22:47.340,14,3Y,SELL,2000000,99.761719,RECEIVED
2018 Dec 22 02:22:47.344,14,3Y,SELL,2000000,100.000000,QUOTED
2018 Dec 22 02:22:47.349,14,3Y,SELL,2000000,100.000000,DONE
2018 Dec 22 02:22:47.355,15,3Y,SELL,3000000,100.789063,RECEIVED
2018 Dec 22 02:22:47.359,15,3Y,SELL,3000000,100.000000,QUOTED
2018 Dec 22 02:22:47.364,15,3Y,SELL,3000000,100.000000,DONE
2018 Dec 22 02:22:47.370,16,3Y,SELL,3000000,100.789063,RECEIVED
2018 Dec 22 02:22:47.375,16,3Y,SELL,3000000,100.000000,QUOTED
2018 Dec 22 02:22:47.380,16,3Y,SELL,3000000,100.000000,DONE
2018 Dec 22 02:22:47.385,17,3Y,SELL,4000000,99.281250,RECEIVED
2018 Dec 22 02:22:47.390,17,3Y,SELL,4000000,100.000000,QUOTED
2018 Dec 22 02:22:47.395,17,3Y,SELL,4000000,100.000000,DONE
2018 Dec 22 02:22:47.400,18,3Y,SELL,4000000,99.281250,RECEIVED
2018 Dec 22 02:22:47.406,18,3Y,SELL,4000000,100.000000,QUOTED
2018 Dec 22 02:22:47.411,18,3Y,SELL,4000000,100.000000,DONE
2018 Dec 22 02:22:47.416,19,3Y,SELL,5000000,100.968750,RECEIVED
2018 Dec 22 02:22:47.421,19,3Y,SELL,5000000,100.000000,QUOTED
2018 Dec 22 02:22:47.425,19,3Y,SELL,5000000,100.000000,DONE
2018 Dec 22 02:22:47.430,20,3Y,SELL,5000000,100.968750,RECEIVED
2018 Dec 22 02:22:47.435,20,3Y,SELL,5000000,100.000000,QUOTED
2018 Dec 22 02:22:47.440,20,3Y,SELL,5000000,100.000000,DONE
2018 Dec 22 02:22:47.445,21,5Y,SELL,1000000,99.917969,RECEIVED
2018 Dec 22 02:22:47.450,21,5Y,SELL,1000000,100.000000,QUOTED
2018 Dec 22 02:22:47.456,21,5Y,SELL,1000000,100.000000,DONE
2018 Dec 22 02:22:47.461,22,5Y,SELL,1000000,99.917969,RECEIVED
2018 Dec 22 02:22:47.466,22,5Y,SELL,1000000,100.000000,QUOTED
2018 Dec 22 02:22:47.472,22,5Y,SELL,1000000,100.000000,DONE
2018 Dec 22 02:22:47.477,23,5Y,SELL,2000000,99.140625,RECEIVED
2018 Dec 22 02:22:47.483,23,5Y,SELL,2000000,100.000000,QUOTED
2018 Dec 22 02:22:47.488,23,5Y,SELL,2000000,100.000000,DONE
2018 Dec 22 02:22:47.494,24,5Y,SELL,2000000,99.140625,RECEIVED
2018 Dec 22 02:22:47.499,24,5Y,SELL,2000000,100.000000,QUOTED
2018 Dec 22 02:22:47.508,24,5Y,SELL,2000000,100.000000,DONE
2018 Dec 22 02:22:47.513,25,5Y,SELL,3000000,100.164063,RECEIVED
2018 Dec 22 02:22:47.520,25,5Y,SELL,3000000,100.000000,QUOTED
2018 Dec 22 02:22:47.525,25,5Y,SELL,3000000,100.000000,DONE
2018 Dec 22 02:22:47.530,26,5Y,SELL,3000000,100.164063,RECEIVED
2018 Dec 22 02:22:47.536,26,5Y,SELL,3000000,100.000000,QUOTED
2018 Dec 22 02:22:47.544,26,5Y,SELL,3000000,100.000000,DONE
2018 Dec 22 02:22:47.549,27,5Y,SELL,4000000,99.125000,RECEIVED
2018 Dec 22 02:22:47.556,27,5Y,SELL,4000000,100.000000,QUOTED
2018 Dec 22 02:22:47.562,27,5Y,SELL,4000000,100.000000,DONE
2018 Dec 22 02:22:47.567,28,5Y,SELL,4000000,99.125000,RECEIVED
2018 Dec 22 02:22:47.573,28,5Y,SELL,4000000,100.000000,QUOTED
2018 Dec 22 02:22:47.578,28,5Y,SELL,4000000,100.000000,DONE
2018 Dec 22 02:22:47.584,29,5Y,SELL,5000000,99.597656,RECEIVED
2018 Dec 22 02:22:47.590,29,5Y,SELL,5000000,100.000000,QUOTED
2018 Dec 22 02:22:47.595,29,5Y,SELL,5000000,100.000000,DONE
2018 Dec 22 02:22:47.601,30,5Y,SELL,5000000,99.597656,RECEIVED
2018 Dec 22 02:22:47.606,30,5Y,SELL,5000000,100.000000,QUOTED
2018 Dec 22 02:22:47.611,30,5Y,SELL,5000000,100.000000,DONE
2018 Dec 22 02:22:47.617,31,7Y,SELL,1000000,99.742188,RECEIVED
2018 Dec 22 02:22:47.622,31,7Y,SELL,1000000,100.000000,QUOTED
2018 Dec 22 02:22:47.628,31,7Y,SELL,1000000,100.000000,DONE
2018 Dec 22 02:22:47.633,32,7Y,SELL,1000000,99.742188,RECEIVED
2018 Dec 22 02:22:47.638,32,7Y,SELL,1000000,100.000000,QUOTED
2018 Dec 22 02:22:47.643,32,7Y,SELL,1000000,100.000000,DONE
2018 Dec 22 02:22:47.649,33,7Y,SELL,2000000,99.085938,RECEIVED
2018 Dec 22 02:22:47.654,33,7Y,SELL,2000000,100.000000,QUOTED
2018 Dec 22 02:22:47.659,33,7Y,SELL,2000000,100.000000,DONE
2018 Dec 22 02:22:47.664,34,7Y,SELL,2000000,99.085938,RECEIVED
2018 Dec 22 02:22:47.670,34,7Y,SELL,2000000,100.000000,QUOTED
2018 Dec 22 02:22:47.674,34,7Y,SELL,2000000,100.000000,DONE
2018 Dec 22 02:22:47.679,35,7Y,SELL,3000000,99.832031,RECEIVED
2018 Dec 22 02:22:47.684,35,7Y,SELL,3000000,100.000000,QUOTED
2018 Dec 22 02:22:47.688,35,7Y,SELL,3000000,100.000000,DONE
2018 Dec 22 02:22:47.693,36,7Y,SELL,3000000,99.832031,RECEIVED
2018 Dec 22 02:22:47.697,36,7Y,SELL,3000000,100.000000,QUOTED
2018 Dec 22 02:22:47.702,36,7Y,SELL,3000000,100.000000,DONE
2018 Dec 22 02:22:47.707,37,7Y,SELL,4000000,100.375000,RECEIVED
2018 Dec 22 02:22:47.711,37,7Y,SELL,4000000,100.000000,QUOTED
2018 Dec 22 02:22:47.716,37,7Y,SELL,4000000,100.000000,DONE
2018 Dec 22 02:22:47.721,38,7Y,SELL,4000000,100.375000,RECEIVED
2018 Dec 22 02:22:47.726,38,7Y,SELL,4000000,100.000000,QUOTED
2018 Dec 22 02:22:47.730,38,7Y,SELL,4000000,100.000000,DONE
2018 Dec 22 02:22:47.735,39,7Y,SELL,5000000,100.867188,RECEIVED
2018 Dec 22 02:22:47.740,39,7Y,SELL,5000000,100.000000,QUOTED
2018 Dec 22 02:22:47.744,39,7Y,SELL,5000000,100.000000,DONE
2018 Dec 22 02:22:47.749,40,7Y,SELL,5000000,100.867188,RECEIVED
2018 Dec 22 02:22:47.754,40,7Y,SELL,5000000,100.000000,QUOTED
2018 Dec 22 02:22:47.759,40,7Y,SELL,5000000,100.000000,DONE
2018 Dec 22 02:22:47.764,41,10Y,SELL,1000000,99.023438,RECEIVED
2018 Dec 22 02:22:47.768,41,10Y,SELL,1000000,100.000000,QUOTED
2018 Dec 22 02:22:47.773,41,10Y,SELL,1000000,100.000000,DONE
2018 Dec 22 02:22:47.778,42,10Y,SELL,1000000,99.023438,RECEIVED
2018 Dec 22 02:22:47.783,42,10Y,SELL,1000000,100.000000,QUOTED
2018 Dec 22 02:22:47.787,42,10Y,SELL,1000000,100.000000,DONE
2018 Dec 22 02:22:47.792,43,10Y,SELL,2000000,99.746094,RECEIVED
2018 Dec 22 02:22:47.797,43,10Y,SELL,2000000,100.000000,QUOTED
2018 Dec 22 02:22:47.802,43,10Y,SELL,2000000,100.000000,DONE
2018 Dec 22 02:22:47.807,44,10Y,SELL,2000000,99.746094,RECEIVED
2018 Dec 22 02:22:47.812,44,10Y,SELL,2000000,100.000000,QUOTED
2018 Dec 22 02:22:47.817,44,10Y,SELL,2000000,100.000000,DONE
2018 Dec 22 02:22:47.822,45,10Y,SELL,3000000,99.117188,RECEIVED
2018 Dec 22 02:22:47.827,45,10Y,SELL,3000000,100.000000,QUOTED
2018 Dec 22 02:22:47.832,45,10Y,SELL,3000000,100.000000,DONE
2018 Dec 22 02:22:47.838,46,10Y,SELL,3000000,99.117188,RECEIVED
2018 Dec 22 02:22:47.843,46,10Y,SELL,3000000,100.000000,QUOTED
2018 Dec 22 02:22:47.849,46,10Y,SELL,3000000,100.000000,DONE
2018 Dec 22 02:22:47.854,47,10Y,SELL,4000000,99.339844,RECEIVED
2018 Dec 22 02:22:47.861,47,10Y,SELL,4000000,100.000000,QUOTED
2018 Dec 22 02:22:47.867,47,10Y,SELL,4000000,100.000000,DONE
2018 Dec 22 02:22:47.873,48,10Y,SELL,4000000,99.339844,RECEIVED
2018 Dec 22 02:22:47.879,48,10Y,SELL,4000000,100.000000,QUOTED
2018 Dec 22 02:22:47.884,48,10Y,SELL,4000000,100.000000,DONE
2018 Dec 22 02:22:47.890,49,10Y,SELL,5000000,99.660156,RECEIVED
2018 Dec 22 02:22:47.895,49,10Y,SELL,5000000,100.000000,QUOTED
2018 Dec 22 02:22:47.900,49,10Y,SELL,5000000,100.000000,DONE
2018 Dec 22 02:22:47.906,50,10Y,SELL,5000000,99.660156,RECEIVED
2018 Dec 22 02:22:47.911,50,10Y,SELL,5000000,100.000000,QUOTED
2018 Dec 22 02:22:47.917,50,10Y,SELL,5000000,100.000000,DONE
2018 Dec 22 02:22:47.922,51,30Y,SELL,1000000,99.519531,RECEIVED
2018 Dec 22 02:22:47.928,51,30Y,SELL,1000000,100.000000,QUOTED
2018 Dec 22 02:22:47.934,51,30Y,SELL,1000000,100.000000,DONE
2018 Dec 22 02:22:47.940,52,30Y,SELL,1000000,99.519531,RECEIVED
2018 Dec 22 02:22:47.946,52,30Y,SELL,1000000,100.000000,QUOTED
2018 Dec 22 02:22:47.951,52,30Y,SELL,1000000,100.000000,DONE
2018 Dec 22 02:22:47.957,53,30Y,SELL,2000000,99.703125,RECEIVED
2018 Dec 22 02:22:47.963,53,30Y,SELL,2000000,100.000000,QUOTED
2018 Dec 22 02:22:47.967,53,30Y,SELL,2000000,100.000000,DONE
2018 Dec 22 02:22:47.972,54,30Y,SELL,2000000,99.703125,RECEIVED
2018 Dec 22 02:22:47.976,54,30Y,SELL,2000000,100.000000,QUOTED
2018 Dec 22 02:22:47.980,54,30Y,SELL,2000000,100.000000,DONE
2018 Dec 22 02:22:47.984,55,30Y,SELL,3000000,100.546875,RECEIVED
2018 Dec 22 02:22:47.989,55,30Y,SELL,3000000,100.000000,QUOTED
2018 Dec 22 02:22:47.993,55,30Y,SELL,3000000,100.000000,DONE
2018 Dec 22 02:22:47.998,56,30Y,SELL,3000000,100.546875,RECEIVED
2018 Dec 22 02:22:48.002,56,30Y,SELL,3000000,100.000000,QUOTED
2018 Dec 22 02:22:48.007,56,30Y,SELL,3000000,100.000000,DONE
2018 Dec 22 02:22:48.011,57,30Y,SELL,4000000,99.453125,RECEIVED
2018 Dec 22 02:22:48.016,57,30Y,SELL,4000000,100.000000,QUOTED
2018 Dec 22 02:22:48.021,57,30Y,SELL,4000000,100.000000,DONE
2018 Dec 22 02:22:48.026,58,30Y,SELL,4000000,99.453125,RECEIVED
2018 Dec 22 02:22:48.032,58,30Y,SELL,4000000,100.000000,QUOTED
2018 Dec 22 02:22:48.037,58,30Y,SELL,4000000,100.000000,DONE
2018 Dec 22 02:22:48.042,59,30Y,SELL,5000000,99.968750,RECEIVED
2018 Dec 22 02:22:48.047,59,30Y,SELL,5000000,100.000000,QUOTED
2018 Dec 22 02:22:48.053,59,30Y,SELL,5000000,100.000000,DONE
2018 Dec 22 02:22:48.058,60,30Y,SELL,5000000,99.968750,RECEIVED
2018 Dec 22 02:22:48.063,60,30Y,SELL,5000000,100.000000,QUOTED
2018 Dec 22 02:22:48.067,60,30Y,SELL,5000000,100.000000,DONE
